@ARTICLE{2013arXiv1307.6212T,
  author = {{The Astropy Collaboration} and {Robitaille}, T.~P. and {Tollerud}, E.~J. and 
    {Greenfield}, P. and {Droettboom}, M. and {Bray}, E. and {Aldcroft}, T. and 
    {Davis}, M. and {Ginsburg}, A. and {Price-Whelan}, A.~M. and 
    {Kerzendorf}, W.~E. and {Conley}, A. and {Crighton}, N. and 
    {Barbary}, K. and {Muna}, D. and {Ferguson}, H. and {Grollier}, F. and 
    {Parikh}, M.~M. and {Nair}, P.~H. and {G{\"u}nther}, H.~M. and 
    {Deil}, C. and {Woillez}, J. and {Conseil}, S. and {Kramer}, R. and 
    {Turner}, J.~E.~H. and {Singer}, L. and {Fox}, R. and {Weaver}, B.~A. and 
    {Zabalza}, V. and {Edwards}, Z.~I. and {Azalee Bostroem}, K. and 
    {Burke}, D.~J. and {Casey}, A.~R. and {Crawford}, S.~M. and 
    {Dencheva}, N. and {Ely}, J. and {Jenness}, T. and {Labrie}, K. and 
    {Lian Lim}, P. and {Pierfederici}, F. and {Pontzen}, A. and 
    {Ptak}, A. and {Refsdal}, B. and {Servillat}, M. and {Streicher}, O.
    },
  title = "{Astropy: A Community Python Package for Astronomy}",
  journal = {ArXiv e-prints},
  archivePrefix = "arXiv",
  eprint = {1307.6212},
  primaryClass = "astro-ph.IM",
  keywords = {Astrophysics - Instrumentation and Methods for Astrophysics},
  year = 2013,
  month = jul,
  adsurl = {http://adsabs.harvard.edu/abs/2013arXiv1307.6212T},
  adsnote = {Provided by the SAO/NASA Astrophysics Data System}
}

@ARTICLE{fits3,
  author = {{Pence}, W.~D. and {Chiappetti}, L. and {Page}, C.~G. and {Shaw}, R.~A. and
    {Stobie}, E.},
  title = "{Definition of the Flexible Image Transport System (FITS), version 3.0}",
  journal = {\aap},
  keywords = {instrumentation: miscellaneous, methods: miscellaneous, techniques: miscellaneous, reference systems, standards, astronomical databases: miscellaneous},
  year = 2010,
  month = dec,
  volume = 524,
  eid = {A42},
  pages = {A42},
  doi = {10.1051/0004-6361/201015362},
  adsurl = {http://adsabs.harvard.edu/abs/2010A%26A...524A..42P},
  adsnote = {Provided by the SAO/NASA Astrophysics Data System}
}

@INPROCEEDINGS{barrett1999pyfits,
  author = {{Barrett}, P.~E. and {Bridgman}, W.~T.},
  title = "{PyFITS, a FITS Module for Python}",
  booktitle = {Astronomical Data Analysis Software and Systems VIII},
  year = 1999,
  series = {Astronomical Society of the Pacific Conference Series},
  volume = 172,
  pages = {483},
  adsurl = {http://adsabs.harvard.edu/abs/1999ASPC..172..483B},
  adsnote = {Provided by the SAO/NASA Astrophysics Data System}
}

@ARTICLE{van2011numpy,
  title={The NumPy array: a structure for efficient numerical computation},
  author={Van Der Walt, S. and Colbert, S.C. and Varoquaux, G.},
  journal={Computing in Science \& Engineering},
  volume={13},
  number={2},
  pages={22--30},
  year={2011},
  publisher={IEEE}
}

@BOOK{oliphant2006guide,
  title={A Guide to NumPy},
  author={Oliphant, T.E.},
  volume={1},
  year={2006},
  publisher={Trelgol Publishing USA}
}

@ARTICLE{sofa_wallace,
 author = {{Wallace}, P.~T.},
 title = "{Software for timescale applications}",
 journal = {Metrologia},
 year = 2011,
 month = aug,
 volume = 48,
 pages = {200},
 doi = {10.1088/0026-1394/48/4/S11},
 adsurl = {http://adsabs.harvard.edu/abs/2011Metro..48S.200W},
 adsnote = {Provided by the SAO/NASA Astrophysics Data System}
}

@MANUAL{oschenbein2009votable,
  title={VOTable Format Definition, Version 1.2},
  author={Oschenbein, F. and Williams, R. and Davenhall, C. and Durand, D. and
    Fernique, P. and Giaretta, D. and Hanisch, R. and McGlynn, T. and
    Szalay, A. and Taylor, M. B. and Wicenec, A.},
  organization={International Virtual Observatory Alliance (IVOA)},
  year={2009},
  note={http://www.ivoa.net/Documents/VOTable/20091130/REC-VOTable-1.2.html}
}
